<?xml version="1.0" encoding="UTF-8"?><collection xmlns="http://www.loc.gov/MARC21/slim"><record><leader>00372nam--2200133-i-4500</leader><controlfield tag="001">000048594</controlfield><controlfield tag="002">20161230</controlfield><controlfield tag="005">20161230201047</controlfield><controlfield tag="008">060222s1000------------r-----000-0-eng-d</controlfield><datafield ind1=" " ind2=" " tag="080"><subfield code="a">550.834</subfield></datafield><datafield ind1=" " ind2=" " tag="245"><subfield code="a">Avtomaticheskaia obrabotka i preobrazovanie geofizicheskoi informacii</subfield></datafield><datafield ind1=" " ind2=" " tag="260"><subfield code="a">Moskva,Izd.Nedra, 1967. 148 S</subfield></datafield><datafield ind1=" " ind2=" " tag="490"><subfield code="a">Trudy. Kiebskaia Ekspediciia</subfield></datafield><datafield ind1=" " ind2=" " tag="852"><subfield code="a">48127</subfield></datafield></record></collection>